<collection xmlns="http://www.loc.gov/MARC21/slim">
<record>
  <leader>01446nam0a2200241 i 450 </leader>
  <controlfield tag="001">IT\ICCU\CNCE\042006</controlfield>
  <controlfield tag="005">20071126000000.0</controlfield>
  <datafield tag="012" ind1=" " ind2=" ">
    <subfield code="a">*5ma 10ze 16d4 Peot (C) 1546 (R)</subfield>
    <subfield code="2">fei</subfield>
  </datafield>
  <datafield tag="100" ind1=" " ind2=" ">
    <subfield code="a">19981203d1546        0itac0103    ba</subfield>
  </datafield>
  <datafield tag="101" ind1=" " ind2=" ">
    <subfield code="a">ITA</subfield>
  </datafield>
  <datafield tag="102" ind1=" " ind2=" ">
    <subfield code="a">IT</subfield>
  </datafield>
  <datafield tag="200" ind1="1" ind2=" ">
    <subfield code="a">Stratto de doganieri et passeggieri del contado di Firenze. Nuouamente stato \!! ridotto a moneta nera con l&apos;augmento del sesto, et ualuta delle monete per legge fatta di febraio 1537 et ultimamente raggiustato per legge fatta alli 28 di febraio MDXLIIII</subfield>
  </datafield>
  <datafield tag="210" ind1=" " ind2=" ">
    <subfield code="a">\Firenze</subfield>
    <subfield code="c">Anton Francesco Doni!</subfield>
    <subfield code="e">Stampati in Fiorenza</subfield>
    <subfield code="g">per il Doni</subfield>
    <subfield code="h">adi primo di ottobre 1546</subfield>
  </datafield>
  <datafield tag="215" ind1=" " ind2=" ">
    <subfield code="a">\108! c.</subfield>
    <subfield code="d">4ʻ</subfield>
  </datafield>
  <datafield tag="300" ind1=" " ind2=" ">
    <subfield code="a">Frontespizio a c. A2r.; a c. A1r. marca tipografica</subfield>
  </datafield>
  <datafield tag="620" ind1=" " ind2=" ">
    <subfield code="a">IT</subfield>
    <subfield code="d">Firenze</subfield>
  </datafield>
  <datafield tag="710" ind1="0" ind2="2">
    <subfield code="a">Firenze</subfield>
    <subfield code="c"> &lt;Ducato&gt;</subfield>
    <subfield code="3">IT\ICCU\CNCT\005420</subfield>
  </datafield>
  <datafield tag="712" ind1="0" ind2="0">
    <subfield code="a">Doni, Anton Francesco</subfield>
    <subfield code="3">IT\ICCU\CNCT\000051</subfield>
    <subfield code="4">650</subfield>
  </datafield>
  <datafield tag="801" ind1=" " ind2="3">
    <subfield code="a">IT</subfield>
    <subfield code="b">ICCU</subfield>
    <subfield code="c">20201114</subfield>
  </datafield>
  <datafield tag="899" ind1=" " ind2=" ">
    <subfield code="a">Biblioteca comunale dell&apos;Archiginnasio. Bologna</subfield>
    <subfield code="z">MUTILO</subfield>
    <subfield code="1">BO0304</subfield>
    <subfield code="2">UBO GA</subfield>
  </datafield>
  <datafield tag="899" ind1=" " ind2=" ">
    <subfield code="a">Biblioteca Roncioniana - Fondazione Eredit ̉Marco Roncioni (ONLUS). Prato</subfield>
    <subfield code="z">MUTILO</subfield>
    <subfield code="1">PO0005</subfield>
    <subfield code="2">RT1 EB</subfield>
  </datafield>
  <datafield tag="911" ind1=" " ind2=" ">
    <subfield code="a">A c. A1r.</subfield>
    <subfield code="9">IT\ICCU\CNCM\000855</subfield>
  </datafield>
  <datafield tag="921" ind1=" " ind2=" ">
    <subfield code="a">IT\ICCU\CNCM\000855</subfield>
    <subfield code="b">Donna seduta che tiene nella destra una fiaccola capovolta, nella sinistra un ramo d&apos;olivo,  ai suoi piedi giace una maschera. Racchiusa in un ovale</subfield>
    <subfield code="e">Quel che mi molestava accendo et ardo</subfield>
    <subfield code="c">Z449</subfield>
    <subfield code="d">Dimensioni: 7,8 x 10,3</subfield>
    <subfield code="f">DONNA</subfield>
    <subfield code="f">FACE</subfield>
    <subfield code="f">MASCHERA</subfield>
    <subfield code="f">ULIVO</subfield>
    <subfield code="f">OVALE</subfield>
    <subfield code="g">1546-1552</subfield>
  </datafield>
</record>
</collection>
